@online{pong,
  author       = {Jon Stanley},
  title        = {Analog Oscilloscope Pong},
  year         = {2024},
  url          = {https://www.electronixandmore.com/projects/scopepong/index.html},
  organization = {Electronixandmore},
}

@book{boylestad2013electronic,
  author       = {Robert L. Boylestad and Louis Nashelsky},
  title        = {Electronic Devices and Circuit Theory},
  edition      = {11th},
  publisher    = {Pearson Education},
  year         = {2013},
  address      = {Boston, MA},
  isbn         = {978-0132622264},
}

@manual{lf353_datasheet,
  title        = {LF353 Datasheet: Amplificadores Operacionales de Entrada J-FET de Banda Ancha Duales},
  author       = {{STMicroelectronics}},
  year         = {s.f.},
  organization = {STMicroelectronics},
  note         = {Disponible en \url{https://www.alldatasheet.com/datasheet-pdf/pdf/22736/STMICROELECTRONICS/LF353.html}},
  file         = {LF353_Datasheet.pdf},
}


@manual{lm741_datasheet,
  title        = {LM741 Datasheet: Amplificador Operacional Único},
  author       = {{Fairchild Semiconductor}},
  year         = {s.f.},
  organization = {Fairchild Semiconductor},
  note         = {Disponible en \url{https://www.alldatasheet.com/datasheet-pdf/pdf/228084/FAIRCHILD/LM741.html}},
  file         = {LM741_Datasheet.pdf},
}

@book{hayt_circuit_analysis,
  author       = {William H. Hayt Jr. and Jack E. Kemmerly and Steven M. Durbin},
  title        = {Engineering Circuit Analysis},
  edition      = {9},
  publisher    = {McGraw-Hill},
  year         = {2018},
  address      = {New York, NY},
  isbn         = {978-1259644691},
}

@misc{analog2016opamp,
  author       = {Analog Devices},
  title        = {Understanding and Minimizing Op-Amp Offset Voltage},
  year         = {2016},
}

@misc{ti2013offset,
  author       = {Texas Instruments},
  title        = {Op Amp Offset Voltage: The Basics},
  year         = {2013},
  howpublished = {Texas Instruments Application Note},
}

@misc{ti2015lf353,
  author       = {Texas Instruments},
  title        = {LF353 Wide Bandwidth Dual JFET Input Operational Amplifier},
  year         = {2015},
}

@misc{ti_lm741qml,
  author       = {Texas Instruments},
  title        = {LM741QML: Operational Amplifier},
  year         = {2025},
  howpublished = {\url{https://www.ti.com/product/de-de/LM741QML}},
  note         = {Accessed: Jan. 7, 2025}
}

@misc{ti_lm324,
  author       = {Texas Instruments},
  title        = {LM324: Quadruple Operational Amplifier},
  year         = {2025},
  howpublished = {\url{https://www.ti.com/product/LM324?keyMatch=lm324&tisearch=universal_search}},
  note         = {Accessed: Jan. 7, 2025}
}

@misc{ti_tl081,
  author       = {Texas Instruments},
  title        = {TL081: JFET-Input Operational Amplifier},
  year         = {2025},
  howpublished = {\url{https://www.ti.com/product/TL081?keyMatch=TL081&tisearch=universal_search}},
  note         = {Accessed: Jan. 7, 2025}
}

@misc{ti_tl072,
  author       = {Texas Instruments},
  title        = {TL072: Low-Noise JFET-Input Operational Amplifier},
  year         = {2025},
  howpublished = {\url{https://www.ti.com/product/TL072?keyMatch=TL072&tisearch=universal_search}},
  note         = {Accessed: Jan. 7, 2025}
}

@misc{ti_lmv324,
  author       = {Texas Instruments},
  title        = {LMV324: Low-Voltage Quadruple Operational Amplifier},
  year         = {2025},
  howpublished = {\url{https://www.ti.com/product/LMV324?keyMatch=LMV324&tisearch=universal_search}},
  note         = {Accessed: Jan. 7, 2025}
}

@book{franco2015opamps,
  author    = {Sergio Franco},
  title     = {Design with Operational Amplifiers and Analog Integrated Circuits},
  publisher = {McGraw-Hill Education},
  year      = {2015},
  edition   = {4th},
  address   = {New York, NY},
  isbn      = {978-0-07-802816-8},
}

@misc{TI2020,
  author       = {Texas Instruments},
  title        = {AN-31 Amplifier Circuit Collection (Rev. D)},
  howpublished = {\url{https://www.ti.com/lit/pdf/snla140d}},
  year         = {2020},
  month        = {October},
  note         = {Application Report, Revised},
}


@book{boylestad2009electronica,
  author       = {Robert L. Boylestad and Louis Nashelsky},
  title        = {Electrónica: Teoría de Circuitos y Dispositivos Electrónicos},
  publisher    = {Pearson Educación},
  year         = {2009},
  pages        = {721--733},
}

@misc{ti_lm555,
  author       = {Texas Instruments},
  title        = {LM555: Timer},
  year         = {2025},
  howpublished = {\url{https://www.ti.com/lit/gpn/LM555?keyMatch=LM555&tisearch=universal_search}},
  note         = {Accessed: Jan. 7, 2025}
}

@book{opamps_everyone,
  title        = {Op Amps for Everyone Design Guide (Rev. B)},
  author       = {Ron Mancini},
  organization = {Texas Instruments},
  year         = {2002},
  note         = {Advanced Analog Products},
}

@manual{ti_lm555_timer,
  title        = {LM555 Timer},
  author       = {Texas Instruments},
  year         = {2015},
  month        = {January},
  edition      = {Rev. D},
  note         = {Datasheet},
}


@book{oppenheim_signals,
  author       = {Alan V. Oppenheim and Alan S. Willsky and S. Hamid Nawab},
  title        = {Signals and Systems},
  publisher    = {Prentice Hall},
  edition      = {2nd},
  year         = {1997}
}

@manual{ucr_laboratorio,
  title        = {Laboratorio Eléctrico II: Experimento \#2 - Osciladores, Multivibradores y Filtros},
  organization = {Universidad de Costa Rica, Facultad de Ingeniería, Escuela de Ingeniería Eléctrica},
  year         = {2024},
  note         = {Material de laboratorio, III semestre},
}

@techreport{ucr-lab2,
  author       = "{Universidad de Costa Rica, Facultad de Ingeniería, Escuela de Ingeniería Eléctrica}",
  title        = "{Laboratorio Eléctrico II, Experimento \#2: Osciladores, Multivibradores y Filtros}",
  year         = {2024},
  institution  = "{UCR}",
  address      = {Costa Rica},
  note         = "Objetivos, requisitos y diseño."
}